@book{michelucci2019advanced,
  title={Advanced applied deep learning: convolutional neural networks and object detection},
  author={Michelucci, Umberto},
  year={2019},
  publisher={Springer}
}


@article{girshick2015region,
  title={Region-based convolutional networks for accurate object detection and segmentation},
  author={Girshick, Ross and Donahue, Jeff and Darrell, Trevor and Malik, Jitendra},
  journal={IEEE transactions on pattern analysis and machine intelligence},
  volume={38},
  number={1},
  pages={142--158},
  year={2015},
  publisher={IEEE}
}


@article{uijlings2013selective,
  title={Selective search for object recognition},
  author={Uijlings, Jasper RR and Van De Sande, Koen EA and Gevers, Theo and Smeulders, Arnold WM},
  journal={International journal of computer vision},
  volume={104},
  number={2},
  pages={154--171},
  year={2013},
  publisher={Springer}
}

@inproceedings{girshick2015fast,
  title={Fast r-cnn},
  author={Girshick, Ross},
  booktitle={Proceedings of the IEEE international conference on computer vision},
  pages={1440--1448},
  year={2015}
}

@inproceedings{redmon2016you,
  title={You only look once: Unified, real-time object detection},
  author={Redmon, Joseph and Divvala, Santosh and Girshick, Ross and Farhadi, Ali},
  booktitle={Proceedings of the IEEE conference on computer vision and pattern recognition},
  pages={779--788},
  year={2016}
}


@inproceedings{liu2016ssd,
  title={Ssd: Single shot multibox detector},
  author={Liu, Wei and Anguelov, Dragomir and Erhan, Dumitru and Szegedy, Christian and Reed, Scott and Fu, Cheng-Yang and Berg, Alexander C},
  booktitle={European conference on computer vision},
  pages={21--37},
  year={2016},
  organization={Springer}
}


@inproceedings{huang2017speed,
  title={Speed/accuracy trade-offs for modern convolutional object detectors},
  author={Huang, Jonathan and Rathod, Vivek and Sun, Chen and Zhu, Menglong and Korattikara, Anoop and Fathi, Alireza and Fischer, Ian and Wojna, Zbigniew and Song, Yang and Guadarrama, Sergio and others},
  booktitle={Proceedings of the IEEE conference on computer vision and pattern recognition},
  pages={7310--7311},
  year={2017}
}

@inproceedings{ren2015faster,
  title={Faster r-cnn: Towards real-time object detection with region proposal networks},
  author={Ren, Shaoqing and He, Kaiming and Girshick, Ross and Sun, Jian},
  booktitle={Advances in neural information processing systems},
  pages={91--99},
  year={2015}
}

@inproceedings{szegedy2017inception,
  title={Inception-v4, inception-resnet and the impact of residual connections on learning},
  author={Szegedy, Christian and Ioffe, Sergey and Vanhoucke, Vincent and Alemi, Alexander A},
  booktitle={Thirty-first AAAI conference on artificial intelligence},
  year={2017}
}

@inproceedings{szegedy2016rethinking,
  title={Rethinking the inception architecture for computer vision},
  author={Szegedy, Christian and Vanhoucke, Vincent and Ioffe, Sergey and Shlens, Jon and Wojna, Zbigniew},
  booktitle={Proceedings of the IEEE conference on computer vision and pattern recognition},
  pages={2818--2826},
  year={2016}
}

@inproceedings{szegedy2015going,
  title={Going deeper with convolutions},
  author={Szegedy, Christian and Liu, Wei and Jia, Yangqing and Sermanet, Pierre and Reed, Scott and Anguelov, Dragomir and Erhan, Dumitru and Vanhoucke, Vincent and Rabinovich, Andrew},
  booktitle={Proceedings of the IEEE conference on computer vision and pattern recognition},
  pages={1--9},
  year={2015}
}

@inproceedings{he2016deep,
  title={Deep residual learning for image recognition},
  author={He, Kaiming and Zhang, Xiangyu and Ren, Shaoqing and Sun, Jian},
  booktitle={Proceedings of the IEEE conference on computer vision and pattern recognition},
  pages={770--778},
  year={2016}
}
@article{everingham2011pascal,
  title={The pascal visual object classes challenge 2012 (voc2012) development kit},
  author={Everingham, Mark and Winn, John},
  journal={Pattern Analysis, Statistical Modelling and Computational Learning, Tech. Rep},
  volume={8},
  year={2011}
}

@inproceedings{neubeck2006efficient,
  title={Efficient non-maximum suppression},
  author={Neubeck, Alexander and Van Gool, Luc},
  booktitle={18th International Conference on Pattern Recognition (ICPR'06)},
  volume={3},
  pages={850--855},
  year={2006},
  organization={IEEE}
}

@inproceedings{redmon2016you,
  title={You only look once: Unified, real-time object detection},
  author={Redmon, Joseph and Divvala, Santosh and Girshick, Ross and Farhadi, Ali},
  booktitle={Proceedings of the IEEE conference on computer vision and pattern recognition},
  pages={779--788},
  year={2016}
}
@inproceedings{huang2017speed,
  title={Speed/accuracy trade-offs for modern convolutional object detectors},
  author={Huang, Jonathan and Rathod, Vivek and Sun, Chen and Zhu, Menglong and Korattikara, Anoop and Fathi, Alireza and Fischer, Ian and Wojna, Zbigniew and Song, Yang and Guadarrama, Sergio and others},
  booktitle={Proceedings of the IEEE conference on computer vision and pattern recognition},
  pages={7310--7311},
  year={2017}
}

@article{ruder2016overview,
  title={An overview of gradient descent optimization algorithms},
  author={Ruder, Sebastian},
  journal={arXiv preprint arXiv:1609.04747},
  year={2016}
}

@inproceedings{lin2014microsoft,
  title={Microsoft coco: Common objects in context},
  author={Lin, Tsung-Yi and Maire, Michael and Belongie, Serge and Hays, James and Perona, Pietro and Ramanan, Deva and Doll{\'a}r, Piotr and Zitnick, C Lawrence},
  booktitle={European conference on computer vision},
  pages={740--755},
  year={2014},
  organization={Springer}
}

@article{spr1970general,
  title={A general method applicable to the search for similarities in the amino acid sequence of two proteins},
  author={Spr, Cold},
  journal={Mol. Biol},
  volume={48},
  pages={443--153},
  year={1970}
}

@book{linss2018qualitatsmanagement,
  title={Qualit{\"a}tsmanagement f{\"u}r Ingenieure},
  author={Lin{\ss}, Gerhard},
  year={2018},
  publisher={Carl Hanser Verlag GmbH Co KG}
}

@article{zhang2013text,
  title={Text extraction from natural scene image: A survey},
  author={Zhang, Honggang and Zhao, Kaili and Song, Yi-Zhe and Guo, Jun},
  journal={Neurocomputing},
  volume={122},
  pages={310--323},
  year={2013},
  publisher={Elsevier}
}

@inproceedings{liu2008robust,
  title={Robust outdoor text detection using text intensity and shape features},
  author={Liu, Zongyi and Sarkar, Sudeep},
  booktitle={2008 19th International Conference on Pattern Recognition},
  pages={1--4},
  year={2008},
  organization={IEEE}
}

@article{parashar2012finding,
  title={Finding skewness and deskewing scanned document},
  author={Parashar, Sunita and Sogi, Sharuti},
  journal={Department of Computer Sc. \& Engineering, HCTM, Kaithal, Haryana (India), IJCTA},
  year={2012}
}

@misc{GoogleOCR,
  title = {Google: Detect text in images},
  howpublished = {\url{https://cloud.google.com/vision/docs/ocr}},
  note = {Accessed: 2020-08}
} 

@misc{AzureOCR,
  title = {Azure: Optical Character Recognition (OCR)},
  howpublished = {\url{https://docs.microsoft.com/en-us/azure/cognitive-services/computer-vision/concept-recognizing-text}},
  note = {Accessed: 2020-08}
} 


@misc{AWSOCR,
  title = {AWS: Detecting text},
  howpublished = {\url{https://docs.aws.amazon.com/rekognition/latest/dg/text-detection.html}},
  note = {Accessed: 2020-08}
} 

@misc{KAIST,
  title = {KAIST Scene Text Database},
  howpublished = {\url{http://www.iapr-tc11.org/mediawiki/index.php/KAIST_Scene_Text_Database}},
  note = {Accessed: 2020-08}
} 

@article{cha2018autonomous,
  title={Autonomous structural visual inspection using region-based deep learning for detecting multiple damage types},
  author={Cha, Young-Jin and Choi, Wooram and Suh, Gahyun and Mahmoudkhani, Sadegh and B{\"u}y{\"u}k{\"o}zt{\"u}rk, Oral},
  journal={Computer-Aided Civil and Infrastructure Engineering},
  volume={33},
  number={9},
  pages={731--747},
  year={2018},
  publisher={Wiley Online Library}
}